@online{nhle,
  author  = { Historic England },
  title   = {National Heritage List for England},
  year    = 2021,
  url     = {https://historicengland.org.uk/listing/the-list},
  urldate = {2021-04-19}
}

@online{bs,
  author  = { Leonard Richardson },
  title   = {Beautiful Soup},
  year    = 2004,
  url     = {https://www.crummy.com/software/BeautifulSoup/bs4/doc/},
  urldate = {2021-04-19}
}

@inproceedings{qi2020stanza,
  author    = {Qi, Peng and Zhang, Yuhao and Zhang, Yuhui and Bolton, Jason and Manning, Christopher D.},
  booktitle = {Proceedings of the 58th Annual Meeting of the Association for Computational Linguistics: System Demonstrations},
  title     = {Stanza: A {Python} Natural Language Processing Toolkit for Many Human Languages},
  url       = {https://nlp.stanford.edu/pubs/qi2020stanza.pdf},
  year      = {2020}
}

@online{plotly,
  author    = {Plotly Technologies Inc.},
  title     = {Collaborative data science},
  publisher = {Plotly Technologies Inc.},
  address   = {Montreal, QC},
  year      = {2015},
  url       = {https://plot.ly}
}

@online{nuts,
  author = {Eurostat},
  title  = {Background - NUTS - Nomenclature of territorial units for statistics - Eurostat},
  year   = {2021},
  url    = {https://ec.europa.eu/eurostat/web/nuts/background}
}


@online{bgs,
  author = {British Geological Survey},
  title  = {Geology of Britain viewer},
  year   = {2021},
  url    = {https://mapapps.bgs.ac.uk/geologyofbritain/home.html}
}


@book{sumbler1996london,
  title     = {London and the Thames Valley},
  author    = {Sumbler, MG},
  volume    = {13},
  year      = {1996},
  publisher = {British Regional Geology S.}
}

@book{moffat2011reivers,
  title     = {The Reivers: The Story of the Border Reivers},
  author    = {Moffat, A.},
  isbn      = {9780857901156},
  url       = {https://books.google.co.uk/books?id=y8y8BQAAQBAJ},
  year      = {2011},
  publisher = {Birlinn}
}